<record><leader>00000cas a22000007a 4500</leader><controlfield tag="001">9900176</controlfield><controlfield tag="008">830912d18731884ksuwr ne      0    0eng d</controlfield><datafield ind1=" " ind2=" " tag="010"><subfield code="a">sn 83040714 </subfield></datafield><datafield ind1=" " ind2=" " tag="040"><subfield code="a">KSH</subfield><subfield code="b">eng</subfield><subfield code="c">KSH</subfield><subfield code="d">NPT</subfield><subfield code="d">NVF</subfield><subfield code="d">OCLCQ</subfield><subfield code="d">OCLCF</subfield><subfield code="d">OCLCO</subfield></datafield><datafield ind1="1" ind2=" " tag="029"><subfield code="a">AU@</subfield><subfield code="b">000020277629</subfield></datafield><datafield ind1=" " ind2=" " tag="042"><subfield code="a">msc</subfield></datafield><datafield ind1=" " ind2=" " tag="043"><subfield code="a">n-us-ks</subfield></datafield><datafield ind1="0" ind2="4" tag="245"><subfield code="a">The Chautauqua journal.</subfield></datafield><datafield ind1=" " ind2=" " tag="260"><subfield code="a">Sedan, Kan. :</subfield><subfield code="b">Turner &amp; Kelly,</subfield><subfield code="c">-1884.</subfield></datafield><datafield ind1=" " ind2=" " tag="300"><subfield code="a">v. ;</subfield><subfield code="c">56 cm.</subfield></datafield><datafield ind1=" " ind2=" " tag="310"><subfield code="a">Weekly</subfield></datafield><datafield ind1="0" ind2=" " tag="362"><subfield code="a">-v. 12, no. 21 (Dec. 21, 1884).</subfield></datafield><datafield ind1="1" ind2=" " tag="362"><subfield code="a">Began in 1873.</subfield><subfield code="z">Cf. Rowell, 1876.</subfield></datafield><datafield ind1=" " ind2=" " tag="500"><subfield code="a">Sedan was in Howard County until Sept. 1875, when it became part of Chautauqua County.</subfield></datafield><datafield ind1=" " ind2=" " tag="530"><subfield code="a">Available on microfilm from Micro Photo.</subfield></datafield><datafield ind1=" " ind2=" " tag="588"><subfield code="a">Description based on: Vol. 3, no. 36 (Apr. 21, 1876).</subfield></datafield><datafield ind1=" " ind2="0" tag="651"><subfield code="a">Sedan (Kan.)</subfield><subfield code="v">Newspapers.</subfield></datafield><datafield ind1=" " ind2="7" tag="655"><subfield code="a">Newspapers.</subfield><subfield code="2">fast</subfield><subfield code="0">(OCoLC)fst01423814</subfield></datafield><datafield ind1=" " ind2="7" tag="651"><subfield code="a">Kansas</subfield><subfield code="z">Sedan.</subfield><subfield code="2">fast</subfield><subfield code="0">(OCoLC)fst01875458</subfield></datafield><datafield ind1=" " ind2=" " tag="752"><subfield code="a">United States</subfield><subfield code="b">Kansas</subfield><subfield code="c">Howard</subfield><subfield code="d">Sedan.</subfield></datafield><datafield ind1=" " ind2=" " tag="752"><subfield code="a">United States</subfield><subfield code="b">Kansas</subfield><subfield code="c">Chautauqua</subfield><subfield code="d">Sedan.</subfield></datafield><datafield ind1="0" ind2="7" tag="785"><subfield code="t">Sedan times</subfield><subfield code="w">(DLC)sn 83040706</subfield></datafield><datafield ind1="0" ind2="7" tag="785"><subfield code="t">Sedan times-journal</subfield><subfield code="w">(DLC)sn 83040705</subfield></datafield></record>